@article{mcintosh2018tse,
  Author = {Shane McIntosh and Yasutaka Kamei},
  Title = {{Are Fix-Inducing Changes a Moving Target? A Longitudinal Case Study of Just-In-Time Defect Prediction}},
  Year = {2018},
  Journal = {IEEE Transactions on Software Engineering},
  Volume = {44},
  Number = {5},
  Pages = {412--428}
}

@inproceedings{gallaba2022icse,
  Author = {Keheliya Gallaba and Maxime Lamothe and Shane McIntosh},
  Title = {{Lessons from Eight Years of Operational Data from a Continuous Integration Service: An Exploratory Case Study of CircleCI}},
  Year = {2022},
  Booktitle = {Proc. of the International Conference on Software Engineering (ICSE)},
  Pages = {1330--1342}
}
